@inproceedings{hex,
  author    = {Thomas Eiter and
               Giovambattista Ianni and
               Roman Schindlauer and
               Hans Tompits},
  title     = {A Uniform Integration of Higher-Order Reasoning and External Evaluations
               in Answer-Set Programming},
  booktitle = {IJCAI-05, Proceedings of the Nineteenth International Joint Conference
               on Artificial Intelligence, Edinburgh, Scotland, UK, July 30 - August
               5, 2005},
  pages     = {90--96},
  year      = {2005},
  crossref  = {DBLP:conf/ijcai/2005},
  url       = {http://ijcai.org/Proceedings/05/Papers/1353.pdf},
  timestamp = {Wed, 20 Jul 2016 09:10:46 +0200},
  biburl    = {http://dblp.org/rec/bib/conf/ijcai/EiterIST05},
  bibsource = {dblp computer science bibliography, http://dblp.org}
}

@proceedings{DBLP:conf/ijcai/2005,
  editor    = {Leslie Pack Kaelbling and
               Alessandro Saffiotti},
  title     = {IJCAI-05, Proceedings of the Nineteenth International Joint Conference
               on Artificial Intelligence, Edinburgh, Scotland, UK, July 30 - August
               5, 2005},
  publisher = {Professional Book Center},
  year      = {2005},
  url       = {http://ijcai.org/proceedings/2005},
  isbn      = {0938075934},
  timestamp = {Wed, 20 Jul 2016 09:10:46 +0200},
  biburl    = {http://dblp.org/rec/bib/conf/ijcai/2005},
  bibsource = {dblp computer science bibliography, http://dblp.org}
}

@article{angryhes,
  author    = {Francesco Calimeri and
               Michael Fink and
               Stefano Germano and
               Andreas Humenberger and
               Giovambattista Ianni and
               Christoph Redl and
               Daria Stepanova and
               Andrea Tucci and
               Anton Wimmer},
  title     = {Angry-HEX: An Artificial Player for Angry Birds Based on Declarative
               Knowledge Bases},
  journal   = {{IEEE} Trans. Comput. Intellig. and {AI} in Games},
  volume    = {8},
  number    = {2},
  pages     = {128--139},
  year      = {2016},
  url       = {https://doi.org/10.1109/TCIAIG.2015.2509600},
  doi       = {10.1109/TCIAIG.2015.2509600},
  timestamp = {Thu, 16 Nov 2017 07:57:27 +0100},
  biburl    = {http://dblp.org/rec/bib/journals/tciaig/CalimeriFGHIR0T16},
  bibsource = {dblp computer science bibliography, http://dblp.org}
}

@inproceedings{effeval,
  author    = {Thomas Eiter and
               Tobias Kaminski and
               Christoph Redl and
               Antonius Weinzierl},
  title     = {Exploiting Partial Assignments for Efficient Evaluation of Answer
               Set Programs with External Source Access},
  booktitle = {Proceedings of the Twenty-Fifth International Joint Conference on
               Artificial Intelligence, {IJCAI} 2016, New York, NY, USA, 9-15 July
               2016},
  pages     = {1058--1065},
  year      = {2016},
  crossref  = {DBLP:conf/ijcai/2016},
  url       = {http://www.ijcai.org/Abstract/16/154},
  timestamp = {Fri, 15 Jul 2016 15:58:28 +0200},
  biburl    = {http://dblp.org/rec/bib/conf/ijcai/EiterKRW16},
  bibsource = {dblp computer science bibliography, http://dblp.org}
}

@proceedings{DBLP:conf/ijcai/2016,
  editor    = {Subbarao Kambhampati},
  title     = {Proceedings of the Twenty-Fifth International Joint Conference on
               Artificial Intelligence, {IJCAI} 2016, New York, NY, USA, 9-15 July
               2016},
  publisher = {{IJCAI/AAAI} Press},
  year      = {2016},
  url       = {http://www.ijcai.org/Proceedings/2016},
  isbn      = {978-1-57735-770-4},
  timestamp = {Fri, 15 Jul 2016 15:25:58 +0200},
  biburl    = {http://dblp.org/rec/bib/conf/ijcai/2016},
  bibsource = {dblp computer science bibliography, http://dblp.org}
}
